@online{bigquery,
  title      = {BigQuery: Cloud Data Warehouse | Google Cloud},
  shorttitle = {Sitio web de BigQuery},
  url        = {https://cloud.google.com/bigquery},
  urldate    = {2020-04-07}
}
@online{dag,
  url        = {https://airflow.apache.org/docs/stable/concepts.html},
  urldate    = {2020-04-11},
  title      = {Concepts â€” Airflow Documentation},
  shorttitle = {Directed Acyclic Graphs}
}

@online{firebase,
  title   = {Firebase},
  url     = {https://firebase.google.com},
  urldate = {2020-04-11}
}

@online{mongo,
  title      = {The most popular database for modern apps | MongoDB},
  shorttitle = {Sitio web de MongoDB},
  url        = {https://www.mongodb.com},
  urldate    = {2020-04-11}
}

@online{python,
  title      = {Welcome to Python.org},
  shorttitle = {Sitio web de Python},
  url        = {https://www.python.org},
  urldate    = {2020-04-11}
}

@online{solar-tracker,
  title      = {Solartracker: Servicio de Monitoreo de plantas fotovoltaicas basado en Inteligencia artificial},
  shorttitle = {Sitio web de Solartracker},
  url        = {https://www.solartracker.cl},
  urldate    = {2020-04-07}
}